\bibliography {Referências Bibliográficas}


%========================================== INTRODUÇÃO==================================

%01 - CITANDO A LEI [OK] - Indireta

@misc{01-01-LeiGeral,
    author = {Brasil},
    title = {{Lei Nº 13.709, de 14 de agosto de 2018 - Lei Geral de Proteção de Dados}},
    year = {2018},
    url = {http://www.planalto.gov.br/ccivil_03/_ato2015-2018/2018/lei/l13709.htm},
    note = "Acesso em: 02 dez. 2022"
},
‌
%02 - Senado
@web_page{01-02-Senado,
   author = {{AGÊNCIA SENADO}},
   journal = {https://www12.senado.leg.br/noticias/materias/2019/07/09/lei-que-cria-autoridade-nacional-de-protecao-de-dados-e-sancionada-com-vetos},
   title = {Lei que cria Autoridade Nacional de Proteção de Dados é sancionada com vetos},
   url = {https://www12.senado.leg.br/noticias/materias/2019/07/09/lei-que-cria-autoridade-nacional-de-protecao-de-dados-e-sancionada-com-vetos},
   year = {2019},
   note = "Acesso em: 05 jan. 2022"
},
‌
%03- Olhar digital [OK] - Indireta
@web_page{01-03-OlharDigital,
   author = {{OLHAR DIGITAL}},
   journal = {https://olhardigital.com.br/2018/03/21/noticias/cambridge-analytica/},
   title = {Cambridge Analytica: tudo sobre o escândalo do Facebook que afetou 87 milhões},
   url = {https://olhardigital.com.br/2018/03/21/noticias/cambridge-analytica/},
   year = {2018},
},

%04 - Terra 
@web_page{01-03-Terra,
   author = {Terra},
   journal = {Apenas 16\% das empresas aderiram à LGPD},
   title = {Lei que cria Autoridade Nacional de Proteção de Dados é sancionada com vetos},
   url = {https://www.terra.com.br/noticias/apenas-16-das-empresas-aderiram-a-lgpd,f18c4d7df490a6280c66e076e7a42967kjh18on1.html},
   year = {2022},
   note = "Acesso em: 20 abr. 2022"
},

%05 - Sydow

@book{01-05-Sydow,
   author = {Marcus Abreu de Margalhães and Spencer Toth Sydow},
   city = {Belo Horizonte},
   publisher = {D' Plácido},
   title = {Cyberterrorismo: a nova era da criminalidade},
   year = {2019},
},

%06 -Dodsworth

@web_page{01-06-Dodsworth2021,
   author = {Luiza Dodsworth},
   journal = {Site Exame},
   title = {Crimes cibernéticos: como evitá-los em um mundo cada vez mais virtual?},
   url = {http://exame.com/bussola/crimes-ciberneticos-como-evita-los-em-um-mundo-cada-vez-mais-virtual/},
   year = {2021},
}

,

%03 - Rosenberg [Ok] - Indireta
@web_page{01-03-Rosenberg2018,
   author = {Matthew Rosenberg and Nicholas Confessore},
   journal = {New York Times},
   title = {How Trump Consultants Exploited the Facebook Data of Millions},
   url = {www.nytimes.com/2018/03/17/us/politics/cambridge-analytica-trump-campaign.html},
   year = {2018},
},

%04 - Graham [Ok] - Indireta
@web_page{01-04-Graham,
   author = {Emma Graham-Harrison and Carole Cadwalladr},
   journal = {The Guardian},
   month = {4},
   title = {Revealed: 50 million Facebook profiles harvested for Cambridge Analytica in major data breach},
   url = {http://www.theguardian.com/news/2018/mar/17/cambridge-analytica-facebook-influence-us-election},
   year = {2018},
},



@misc{Menegazzi2021,
   author = {Diego Menegazzi},
   title = {Um guia para alcançar a conformidade com a LGPD por meio de requisitos denegócio e requisitos de solução},
   year = {2021},
},
@article{Zini2020,
   author = {Michelle Jociane Ali Zini},
   title = {Proteção de dados pessoais no mundo empresarial no cenário da LGPD no Brasil: uma proposta de Framework},
   year = {2020},
},
@report{Carvalho2021,
   author = {Artur Potiguara Carvalho},
   title = {Proposta de um Framework de Complianceà Lei Geral de Proteção a DadosPessoais (LGPD): Um estudo de caso para prevençãoa fraude no contexto de Big Data},
   year = {2021},
}
@report{Silva2020,
   author = {Rogério Gustavo Pereira da Silva},
   keywords = {1. Brasil. [Lei geral de proteção de dados pessoais 2018 ]. 2. Governança corporativa. 3. Universidade e Faculdades – Estudo de caso - São Paulo.              4. Vazamento e divulgação da informação – Avaliação de risco.},
   title = {Gestão de riscos e controles internos no ensino superior: uma proposta de framework para uso e proteção de dados pessoais em uma instituição de ensino},
   year = {2020},
}
@report{Silva2021,
   author = {Rogério Hermínio da Silva},
   city = {Araranguá},
   institution = {Unicersidade Federal de Santa Catarina - Programa de Pós-Graduação em tecnologias da informação e comunicação},
   title = {Framework para identificar o nível de conformidade das empresas brasileiras do setor químico no processo de adequação à lei geral de proteção de dados},
   year = {2021},
}
@book{Blum2020,
   author = {Renato Opice Blum and Rony Vainzof and Henrique Fabretti},
   city = {São Paulo},
   edition = {1 },
   isbn = {978-65-5065-433-7},
   publisher = {Thomson Reuters Brasil},
   title = {Data Protection Officer ( Encarregado): teoria e prática de acordo com a LGPD e o GDPR},
   url = {www.thomsonreuters.com.br},
   year = {2020},
}
@book{Pinheiro2018,
   author = {Patricia Peck Pinheiro},
   city = {São Paulo},
   publisher = {Saraiva Educação},
   title = {Proteção de dados pessoais : comentários à Lei n.13.709/2018 (LGPD)},
   year = {2018},
}
@book{Maldonado2020,
   author = {Viviane Nóbrega Maldonado and Opice Renato Blum},
   city = {São Paulo},
   edition = {2},
   publisher = {Thomson Reuters Brasil},
   title = {LGPD: Lei Geral de Proteção de Dados comentada},
   year = {2020},
}
@book{Wachowicz2020,
   author = {Marcos Wachowicz},
   city = {Curitiba},
   publisher = {editora Gedai},
   title = {Proteção de dados pessoais em perspectiva: LGPD e RGPD na ótica do direito comparado},
   year = {2020},
}
@book{Basan2021,
   author = {Arthur Pinheiro Basan},
   city = {Indaiatuba},
   publisher = {Editora Foco},
   title = {Publicidade digital e proteção de dados pessoais: o direito ao sossego},
   year = {2021},
}
@book{Doneda2020,
   author = {Danilo Cesar Maganhoto Doneda},
   city = {São Paulo},
   edition = {2},
   isbn = {9786550650308},
   publisher = {Thomson Reuters Brasil},
   title = {Da privacidade à proteção de dados pessoais: elementos da formação da Lei Geral de Proteção de Dados},
   year = {2020},
}
@book{Pohlmann2019,
   author = {Sérgio Antônio Pohlmann},
   edition = {1},
   publisher = {editora Fross},
   title = {LGPD Ninja Entendendo e Implementando a Lei Geral de Proteção de Dados nas empresas},
   year = {2019},
}
@book{Pinheiro2021,
   author = {Patricia Peck Pinheiro},
   city = {São Paulo},
   edition = {7},
   publisher = {Saraiva Educação},
   title = {Direito Digital},
   year = {2021},
}
@book{Pinheiro2020,
   author = {Patricia Peck Pinheiro},
   city = {São Paulo},
   edition = {2},
   isbn = {9788553613403},
   publisher = {Saraiva Educação},
   title = {Proteção de dados pessoais: comentários à Lei n. 13.709/2018 (LGPD)},
   year = {2020},
}
@book_section{Almeida2020,
   author = {Dionice de Almeida and Ana Paula Moraes Canto de. Lima and Eduardo Pereira Maroso},
   city = {São Paulo},
   journal = {LGPD - Lei Geral de Proteção de Dados: sua empresa está pronta?},
   pages = {114-133},
   publisher = {Literare Books Internacional},
   title = {Engenharia social e mitigação do risco},
   year = {2020},
}
@book{Garcia2020,
   author = {Lara Rocha Garcia and Edson Aguilera Fernandes and Rafael Augusto Moreno Gonçalves and Marcos Ribeiro Pereira Barretto},
   edition = {1},
   publisher = {editora Blucher},
   title = {Lei Geral de Proteção de Dados Pessoais (LGPD): Guia de Implantação},
   year = {2020},
}
@book{Grossi2020,
   author = {Bernado Menicucci Grossi},
   city = {Porto Alegre},
   publisher = {editora Fi},
   title = {Lei Geral de Proteção de Dados: Uma análise preliminar da Lei13.709/2018 e da experiência de sua implantação no contexto empresarial},
   year = {2020},
}
@book{Donda2020,
   author = {Daniel Donda},
   city = {São Paulo},
   publisher = {editora Labrador},
   title = {Guia prático de implementação da LGPD : tudo o que sua empresa precisa saber paraestar em conformidade},
   year = {2020},
}
@book{,
   author = {Ana , Frazão and Gustavo Tepedino and Milena Donato and Oliva Ono and Juliana Mayumi},
   city = {São Paulo},
   isbn = {9788553216789},
   publisher = {Thomson Reuters Brasil},
   title = {A Lei Geral de Proteção de Dados Pessoais e suas repercussões no Direito brasileiro},
   url = {www.thomsonreuters.com.br},
   year = {2019},
}
@book_section{Redecker2021,
   abstract = {Description based upon print version of record.},
   author = {Ana Cláudia Redecker and Gabrielle Bezerra Sales. Sarlet and Manoel Gustavo Neubarth. Trindade and Plínio Melgaré and Maria Luiza Kurban Jobim},
   city = {Indaiatuba, SP},
   isbn = {9786555153286},
   publisher = {Editora Foco},
   title = {Proteção de Dados: temas Controvertidos.},
   year = {2021},
}
@book{Bioni2020,
   author = {Bruno Ricardo Bioni},
   city = {Rio de Janeiro},
   edition = {2},
   publisher = {editora Forense},
   title = {Proteção de dados pessoais: a função e os limites do consentimento},
   year = {2020},
}
@book{Kechi2011,
   author = {Hirama Kechi},
   city = {Rio de Janeiro},
   publisher = {editora Elsevier},
   title = {Engenharia de soft ware : qualidade e produtividade com tecnologia},
   url = {www.elsevier.com.br},
   year = {2011},
}
@book{,
   abstract = {"17a Tiragem."},
   author = {Marcos Sêmola},
   city = {Rio de Janeiro},
   edition = {17},
   isbn = {9788535211917},
   publisher = {editora Elsevier},
   title = {Gestão da segurança da informação: uma visão executiva},
   year = {2003},
}
@book{Weidman2014,
   author = {Georgia Weidman},
   city = {São Paulo},
   publisher = {editora Novatec},
   title = {Penetration Testing: A Hands-On Intro-duction to Hacking},
   year = {2014},
}
@book{Lamboy2018,
   abstract = {Portuguese and French.},
   author = {Christian Karl de Lamboy},
   city = {São Paulo},
   isbn = {9788585272012},
   pages = {6-7},
   publisher = {Editora Via Ética},
   title = {Manual de compliance},
   year = {2018},
}
@web_page{Brasil2018,
   author = {Brasil},
   journal = {http://www.planalto.gov.br/ccivil_03/_ato2015-2018/2018/lei/l13709.htm},
   title = {Lei Nº 13.709, de 14 de agosto de 2018 - Lei Geral de Proteção de Dados},
   url = {http://www.planalto.gov.br/ccivil_03/_ato2015-2018/2018/lei/l13709.htm},
   year = {2018},
}



@web_page{Dias2021,
   author = {Maria Clara Dias},
   journal = {Site Exame},
   title = {Após quase um ano, somente 3 em cada 10 PMEs estão adequadas à LGPD},
   url = {http://exame.com/pme/tres-em-cada-dez-pmes-estao-adequadas-lgpd/},
   year = {2021},
}

@book_section{,
   author = {Maria Luiza Kurban Jobim},
   title = {Precificação personalizada (personalised pricing): progresso ou retrocesso? Definições, distinções e reflexões preliminares a partir da lei geral de proteção de dados (lgpd) e da análise econômica do direito (aed)},
}
@book{Coordenadores2019,
   author = {Ana Coordenadores and Gustavo Frazão and Milena Tepedino and Oliva Donato and Juliana Mayumi Ono},
   city = {São Paulo},
   isbn = {9788553216789},
   publisher = {Thomson Reuters Brasil},
   title = {A LEI GERAL DE PROTEÇÃO DE DADOS PESSOAIS E SUAS REPERCUSSÕES NO DIREITO BRASILEIRO},
   url = {www.thomsonreuters.com.br},
   year = {2019},
}
@book_section{Rosenvald2021,
   author = {Nelson Rosenvald and José Luiz de Moura Faleiros Jr},
   city = {Indaiatuba},
   journal = {Proteção de Dados: temas controvertidos},
   pages = {595},
   publisher = {Editora Foco},
   title = {“Disgorgement algorítmico”: técnicas de processamento de dados e a gestão automatizada dos ilícitos lucrativos na internet},
   year = {2021},
}
@book{Cots2019,
   author = {Márcio Cots and Ricardo Oliveira},
   pages = {95-97},
   publisher = {Revista dos Tribunais},
   title = {Lei Geral De Proteção De Dados Pessoais Comentada},
   year = {2019},
}
@book_section{Redecker2021,
   abstract = {Description based upon print version of record.},
   author = {Ana Cláudia Redecker and Gabrielle Bezerra Sales. Sarlet and Manoel Gustavo Neubarth. Trindade and Plínio Melgaré},
   city = {Indaiatuba, SP},
   isbn = {9786555153286},
   journal = {Proteção de Dados: temas Controvertidos},
   pages = {17-21},
   publisher = {Editora Foco},
   title = {Da pertinência do marco
regulatório de proteção de
dados pessoais na sociedade
brasileira},
   year = {2021},
}
@book_section{Vainzof2020,
   author = {Rony Vainzof and Viviane Nóbrega Maldonado and Opice Renato Blum},
   city = {São Paulo},
   edition = {2},
   isbn = {978-65-5065-023-0},
   journal = {LGPD: Lei Geral de Proteção de Dados comentada},
   pages = {22-45},
   publisher = {Thomson Reuters Brasil},
   title = {Capítulo I: Disposições Preliminares},
   year = {2020},
}
@book_section{Jobim2021,
   author = {Maria Luiza Kurban Jobim and Gabrielle Bezerra Sales Sarlet and Manoel Gustavo Neubarth Trindade and Plínio Melgaré},
   city = {Indaiatuba, SP},
   journal = {Proteção de Dados: temas Controvertidos.},
   pages = {446-454},
   publisher = {Editora Foco},
   title = {Precificação personalizada (personalised pricing): progresso ou retrocesso? Definições, distinções e reflexões preliminares a partir da lei geral de proteção de dados (lgpd) e da análise econômica do direito (aed)},
   year = {2021},
}
@book_section{Almeida2020,
   author = {Dionice de Almeida and Ana Paula Moraes Canto de. Lima and Eduardo Pereira Maroso},
   city = {São Paulo},
   journal = {LGPD - Lei Geral de Proteção de Dados: sua empresa está pronta?},
   pages = {114-133},
   publisher = {Literare Books Internacional},
   title = {Engenharia social e mitigação do risco},
   year = {2020},
}
@book_section{Rosenvald2021,
   author = {Nelson Rosenvald and José Luiz de Moura Faleiros Jr},
   city = {Indaiatuba},
   journal = {Proteção de Dados: temas controvertidos},
   pages = {595},
   publisher = {Editora Foco},
   title = {“Disgorgement algorítmico”: técnicas de processamento de dados e a gestão automatizada dos ilícitos lucrativos na internet},
   year = {2021},
}
@book_section{Vainzof2020,
   author = {Rony Vainzof and Viviane Nóbrega Maldonado and Opice Renato Blum},
   city = {São Paulo},
   edition = {2},
   isbn = {978-65-5065-023-0},
   journal = {LGPD: Lei Geral de Proteção de Dados comentada},
   pages = {22-45},
   publisher = {Thomson Reuters Brasil},
   title = {Capítulo I: Disposições Preliminares},
   year = {2020},
}
@book{Doneda2020,
   author = {Danilo Cesar Maganhoto Doneda},
   city = {São Paulo},
   edition = {2},
   isbn = {9786550650308},
   publisher = {Thomson Reuters Brasil},
   title = {Da privacidade à proteção de dados pessoais: elementos da formação da Lei Geral de Proteção de Dados},
   year = {2020},
}
@book{Lamboy2018,
   abstract = {Portuguese and French.},
   author = {Christian Karl de Lamboy},
   city = {São Paulo},
   isbn = {9788585272012},
   pages = {6-7},
   publisher = {Editora Via Ética},
   title = {Manual de compliance},
   year = {2018},
}
@book_section{Serafino2020,
   author = {Danielle Campos Lima Serafino and Pablo R Jacinto and Renato Opice Blum},
   city = {São Paulo},
   edition = {1 },
   isbn = {978-65-5065-433-7},
   journal = {Data Protection Officer ( Encarregado): teoria e prática de acordo com a LGPD e o GDPR},
   pages = {258},
   publisher = {Thomson Reuters Brasil},
   title = {DPO e Design Thinking},
   url = {www.thomsonreuters.com.br},
   year = {2020},
}
@book{Pinheiro2018,
   author = {Patricia Peck Pinheiro},
   city = {São Paulo},
   publisher = {Saraiva Educação},
   title = {Proteção de dados pessoais : comentários à Lei n.13.709/2018 (LGPD)},
   year = {2018},
}
@book_section{Hoeren2020,
   author = {Thomas Hoeren and Stefan Pinelli and Marcos Wachowicz},
   city = {Curitiba},
   journal = {Proteção de dados pessoais em perspectiva: LGPD e RGPD na ótica do direito comparado},
   pages = {25-30},
   publisher = {editora Gedai},
   title = {Capítulo I - A nova lei brasileira de proteção de dados: uma visão crítica},
   year = {2020},
}
@book_section{Vainzof2020,
   author = {Rony Vainzof and Viviane Nóbrega Maldonado and Opice Renato Blum},
   city = {São Paulo},
   edition = {2},
   isbn = {978-65-5065-023-0},
   journal = {LGPD: Lei Geral de Proteção de Dados comentada},
   pages = {22-45},
   publisher = {Thomson Reuters Brasil},
   title = {Capítulo I: Disposições Preliminares},
   year = {2020},
}
@book{Basan2021,
   author = {Arthur Pinheiro Basan},
   city = {Indaiatuba},
   publisher = {Editora Foco},
   title = {Publicidade digital e proteção de dados pessoais: o direito ao sossego},
   year = {2021},
}
@book_section{Maroso2020,
   author = {Eduardo Pereira Maroso},
   city = {São Paulo},
   journal = {LGPD - Lei Geral de Proteção de Dados: sua empresa está pronta?},
   pages = {75-86},
   publisher = {Literare Books Internacional},
   title = {Segurança da Informação},
   year = {2020},
}
@book{Pinheiro2018,
   author = {Patricia Peck Pinheiro},
   city = {São Paulo},
   publisher = {Saraiva Educação},
   title = {Proteção de dados pessoais : comentários à Lei n.13.709/2018 (LGPD)},
   year = {2018},
}
@book_section{Vainzof2020,
   author = {Rony Vainzof and Viviane Nóbrega Maldonado and Opice Renato Blum},
   city = {São Paulo},
   edition = {2},
   isbn = {978-65-5065-023-0},
   journal = {LGPD: Lei Geral de Proteção de Dados comentada},
   pages = {22-45},
   publisher = {Thomson Reuters Brasil},
   title = {Capítulo I: Disposições Preliminares},
   year = {2020},
}
@book_section{Masseno2020,
   author = {Manuel David Masseno and Marcos Wachowicz},
   city = {Curitiba},
   journal = {Proteção de dados pessoais em perspectiva: LGPD e RGPD na ótica do direito comparado},
   pages = {39-60},
   publisher = {editora Gedai},
   title = {Capítulo II - A segurança dos dados na LGPD, brasileira: uma perspectiva europeia desde Portugal},
   year = {2020},
}
@book{Cots2019,
   author = {Márcio Cots and Ricardo Oliveira},
   pages = {95-97},
   publisher = {Revista dos Tribunais},
   title = {Lei Geral De Proteção De Dados Pessoais Comentada},
   year = {2019},
}
@book_section{Lima2020,
   author = {Caio César Carvalho Lima and Viviane Nóbrega Maldonado and Opice Renato Blum},
   city = {São Paulo},
   edition = {2},
   isbn = {978-65-5065-023-0},
   journal = {LGPD: Lei Geral de Proteção de Dados comentada},
   pages = {201-214},
   publisher = {Thomson Reuters Brasil},
   title = {Capítulo II: Do tratamento de Dados Pessoais},
   year = {2020},
}
@book_section{Burger2020,
   author = {Marcelo L.F de Macedo Burger and Marcos Wachowicz},
   city = {Curitiba},
   journal = {Proteção de dados pessoais em perspectiva: LGPD e RGPD na ótica do direito comparado},
   pages = {294},
   publisher = {editora Gedai},
   title = {Capítulo III - O consentimento para o tratamento dos dados pessoais de crianças: uma análise de direito comparado},
   year = {2020},
}
@book_section{Vainzof2020,
   author = {Rony Vainzof and Renato Opice Blum and Henrique Fabretti},
   city = {São Paulo},
   edition = {1 },
   isbn = {978-65-5065-433-7},
   journal = {Data Protection Officer ( Encarregado): teoria e prática de acordo com a LGPD e o GDPR},
   pages = {26},
   publisher = {Thomson Reuters Brasil},
   title = {Conceito, perfil, papéis e responsabilidades do encarregado ( Data Protection Officer )},
   url = {www.thomsonreuters.com.br},
   year = {2020},
}
@book_section{Redecker2021,
   abstract = {Description based upon print version of record.},
   author = {Ana Cláudia Redecker and Gabrielle Bezerra Sales. Sarlet and Manoel Gustavo Neubarth. Trindade and Plínio Melgaré and Maria Luiza Kurban Jobim},
   city = {Indaiatuba, SP},
   isbn = {9786555153286},
   journal = {Proteção de Dados: temas Controvertidos},
   pages = {27},
   publisher = {Editora Foco},
   title = {Da pertinência do marco regulatório de proteção de dados pessoais na sociedade brasileira},
   year = {2021},
}
@book_section{Bruno2020,
   author = {Marcos Gomes da Silva Bruno and Viviane Nóbrega Maldonado and Opice Renato Blum},
   city = {São Paulo},
   edition = {2},
   isbn = {978-65-5065-023-0},
   journal = {LGPD: Lei Geral de Proteção de Dados comentada},
   pages = {346-362},
   publisher = {Thomson Reuters Brasil},
   title = {Capítulo VI: Dos Agentes de tratamento de Dados Pessoais},
   year = {2020},
}
@book_section{Alves2020,
   author = {Fabricio da Mota Alves and Viviane Nóbrega Maldonado and Opice Renato Blum},
   city = {São Paulo},
   edition = {2},
   isbn = {978-65-5065-023-0},
   journal = {LGPD: Lei Geral de Proteção de Dados comentada},
   pages = {403-404},
   publisher = {Thomson Reuters Brasil},
   title = {Capítulo VIII: Da Fiscalização},
   year = {2020},
}
@book{Pinheiro2021,
   author = {Patricia Peck Pinheiro},
   city = {São Paulo},
   edition = {7},
   pages = {378},
   publisher = {Saraiva Educação},
   title = {Direito Digital},
   year = {2021},
}
@book_section{Lima2020,
   author = {Ana Paula Moraes Canto de. Lima and Dionice de Almeida and Eduardo Pereira Maroso},
   city = {São Paulo},
   journal = {LGPD - Lei Geral de Proteção de Dados: sua empresa está pronta?},
   pages = {57},
   publisher = {Literare Books Internacional},
   title = {Aspectos Gerais sobre a Lei Geral de Proteção de Dados que as empresas precisam saber},
   year = {2020},
}
@book_section{Castro2020,
   author = {Tatiana Alves de Castro and Bernado Menicucci Grossi},
   city = {Porto Alegre},
   journal = {Lei Geral de Proteção de Dados: Uma análise preliminar da Lei13.709/2018 e da experiência de sua implantação no contexto empresarial},
   pages = {323},
   publisher = {editora Fi},
   title = {Cases de implantação LGPD: a evangelização dos colaboradores},
   year = {2020},
}
@book_section{Jimene2020,
   author = {Camilla do Vale Jimene and Viviane Nóbrega Maldonado and Opice Renato Blum},
   city = {São Paulo},
   edition = {2},
   isbn = {978-65-5065-023-0},
   journal = {LGPD: Lei Geral de Proteção de Dados comentada},
   pages = {381},
   publisher = {Thomson Reuters Brasil},
   title = {Capítulo VII: Da Segurança e das Boas práticas},
   year = {2020},
}
@book_section{Lima2020,
   author = {Ana Paula Moraes Canto de. Lima and Dionice de Almeida and Eduardo Pereira Maroso},
   city = {São Paulo},
   journal = {LGPD - Lei Geral de Proteção de Dados: sua empresa está pronta?},
   pages = {57},
   publisher = {Literare Books Internacional},
   title = {Aspectos Gerais sobre a Lei Geral de Proteção de Dados que as empresas precisam saber},
   year = {2020},
}
@book{Donda2020,
   author = {Daniel Donda},
   city = {São Paulo},
   pages = {41},
   publisher = {editora Labrador},
   title = {Guia prático de implementação da LGPD : tudo o que sua empresa precisa saber paraestar em conformidade},
   year = {2020},
}
@book{Kechi2012,
   author = {Hirama Kechi},
   city = {Rio de Janeiro, RJ},
   publisher = {editora Elsevier},
   title = {Engenharia de software: qualidade e produtividade com tecnologia},
   url = {www.elsevier.com.br},
   year = {2012},
}
@book{Neto2016,
   author = {Roque Maitino Neto},
   city = {Londrina, PR},
   isbn = {978-85-8482-416-8},
   publisher = {editora Educacional S.A},
   title = {Engenharia de software},
   year = {2016},
}
@book{Audy2008,
   author = {Jorge Luis Nicolas. Audy and Rafael. Prikladnicki},
   city = {Rio de Janeiro, RJ},
   isbn = {9788535227208},
   publisher = {Elsevier Editora},
   title = {Desenvolvimento Distribuído de Software},
   year = {2008},
}
@book{Bartie2002,
   author = {Alexandre Bartie},
   city = {Rio de Janeiro, RJ},
   isbn = {85-352-1124-1},
   publisher = {editora Elsevier},
   title = {Garantia de Qualidade de Software: adquirindo maturidade organizacional},
   year = {2002},
}
@book{Wazlawick2013,
   author = {Raul Sidnei Wazlawick},
   city = {Rio de Janeiro, RJ},
   isbn = {978-85-352-6120-2},
   publisher = {editora Elsevier},
   title = {Engenharia de Software: conceitos e Práticas},
   url = {www.elsevier.com.br},
   year = {2013},
}
@book{Pressman2011,
   author = {Roger S. Pressman},
   isbn = {9788580550443},
   title = {Engenharia de software : uma abordagem profissional},
   year = {2011},
}
@book{Fowler2007,
   author = {Martin Fowler},
   isbn = {9788560031382},
   title = {UML essencial: um breve guia para a linguagem-padrão de modelagem de objetos},
   url = {http://martinfowler.com.},
   year = {2007},
}
@book{Bezerra2006,
   author = {Eduardo Bezerra},
   publisher = {editora Elsevier},
   title = {Princípios de Análise e Projeto de Sistemas com UML},
   year = {2006},
}
@book{Sommerville2011,
   author = {Ian Sommerville},
   city = {São Paulo, SP},
   publisher = {editora Pearson Prentice Hall},
   title = {Engenharia de software},
   year = {2011},
}
@book{Gamma2007,
   abstract = {""PadrÃµes de projeto: soluÃÃµes reutilizÃ¡veis (...)""; ""Legal""; ""DedicatÃ³ria""; ""PrefÃ¡cio""; ""ApresentaÃÃ£o""; ""Guia para os leitores""; ""SumÃ¡rio""; ""1 IntroduÃÃ£o""; ""1.1 O que Ã© um padrÃ£o de projeto?""; ""1.2 PadrÃµes de projeto no MVC do Smalltalk""; ""1.3 Descrevendo os padrÃµes de projeto""; ""1.4 O catÃ¡logo de padrÃµes de projeto""; ""1.5 Organizando o catÃ¡logo""; ""1.6 Como os padrÃµes solucionam problemas (...)""; ""1.7 Como selecionar um padrÃ£o de projeto""; ""1.8 Como usar um padrÃ£o de projeto""; ""2 Um estudo de caso: projetando um editor (...)"" ""2.1 Problemas de projeto""""2.2 Estrutura do documento""; ""2.3 FormataÃÃ£o""; ""2.4 Adornando a interface do usuÃ¡rio""; ""2.5 Suportando mÃºltiplos estilos de interaÃÃ£o (...)""; ""2.6 Suportando mÃºltiplos sistemas de janelas""; ""2.7 OperaÃÃµes do usuÃ¡rio""; ""2.8 VerificaÃÃ£o ortogrÃ¡fica e hifenizaÃÃ£o""; ""2.9 Resumo""; ""CatÃ¡logo de padrÃµes de projeto""; ""3 PadrÃµes de criaÃÃ£o""; ""Abstract Factory""; ""Builder""; ""Factory Method""; ""Prototype""; ""Singleton""; ""DiscussÃ£o sobre padrÃµes de criaÃÃ£o""; ""4 PadrÃµes estruturais""; ""Adapter""; ""Bridge""; ""Composite"" ""Decorator""""FaÃade""; ""Flyweight""; ""Proxy""; ""DiscussÃ£o sobre padrÃµes estruturais""; ""5 PadrÃµes comportamentais""; ""Chain of Responsibility""; ""Command""; ""Interpreter""; ""Iterator""; ""Mediator""; ""Memento""; ""Observer""; ""State""; ""Strategy""; ""Template Method""; ""Visitor""; ""DiscussÃ£o sobre padrÃµes comportamentais""; ""6 ConclusÃ£o""; ""6.1 O que esperar do uso de padrÃµes de projeto""; ""6.2 Uma breve histÃ³ria""; ""6.3 A comunidade envolvida com padrÃµes""; ""6.4 Um convite""; ""6.5 Um pensamento final""; ""A GlossÃ¡rio""; ""B Guia para a notaÃÃ£o"" ""B.1 Diagrama de classe""""B.2 Diagrama de objeto""; ""B.3 Diagrama de interaÃÃ£o""; ""C Classes fundamentais (foundation classes)""; ""C1 List (Lista)""; ""C2 Iterator (Iterador)""; ""C3 ListIterator (IteradordeLista)""; ""C4 Point (Ponto)""; ""C5 Rect (RetÃ¢ngulo)""; ""ReferÃªncias bibliogrÃ¡ficas""; ""Ã?ndice""},
   author = {Erich. Gamma and Luiz A. Meirelles Salgado and Ralph johnson and John Vlissides},
   city = {Porto Alegre, RS},
   isbn = {9788577800469},
   pages = {369},
   publisher = {Grupo A - Bookman},
   title = {Padrões de projeto : soluções reutilizáveis de software orientado a objetos.},
   year = {2007},
}
@book{Vazquez2016,
   author = {Carlos Eduardo Vazquez and Guilherme Siqueira Simões},
   city = {Rio de Janeiro, RJ},
   publisher = {editora Brasport},
   title = {Engenharia de requisitos: software orientado ao negócio},
   year = {2016},
}
@book{,
   abstract = {"17a Tiragem."},
   author = {Marcos Sêmola},
   city = {Rio de Janeiro, RJ},
   isbn = {9788535211917},
   pages = {41-45},
   publisher = {editora Elsevier},
   title = {Gestão da segurança da informação: visão executiva da segurança da informação},
   year = {2003},
}
@article{,
   title = {[3][SEG]Fundamentos de Segurança da Informação com base na ISO 27001 e na ISO 27002 by Jule Hintzbergen...[et al.]  tradução Alan de S (z-lib.org)},
}
@book{Weidman2014,
   author = {Georgia Weidman},
   city = {São Paulo, SP},
   publisher = {editora Novatec},
   title = {Testes de invasão: uma introdução prática ao hacking},
   year = {2014},
}
@web_page{,
   abstract = {https://www.xpositum.com.br/ciclo-de-vida-dos-dados-e-lgpd
},
   author = {Gervânia Alves},
   journal = {https://www.xpositum.com.br/ciclo-de-vida-dos-dados-e-lgpd},
   title = {Ciclo de Vida dos Dados e LGPD},
}
